{
  "leader": "01783nam a22005773c 4500",
  "fields": [
    {
      "001": "instance00001"
    },
    {
      "005": "20200522014642.9"
    },
    {
      "008": "190807|20162015||||||||       |||||mul||"
    },
    {
      "010": {
        "subfields": [
          {
            "a": "1447294130"
          }
        ],
        "ind1": " ",
        "ind2": " "
      }
    },
    {
      "019": {
        "subfields": [
          {
            "a": "91584334056356"
          }
        ],
        "ind1": " ",
        "ind2": " "
      }
    },
    {
      "020": {
        "subfields": [
          {
            "a": "9781447294130",
            "z": "2003065166"
          }
        ],
        "ind1": " ",
        "ind2": " "
      }
    },
    {
      "022": {
        "subfields": [
          {
            "a": "0262012103",
            "i": "34234877521",
            "z": "435093457349"
          }
        ],
        "ind1": " ",
        "ind2": " "
      }
    },
    {
      "024": {
        "subfields": [
          {
            "a": "invalid upc"
          }
        ],
        "ind1": "1",
        "ind2": " "
      }
    },
    {
      "024": {
        "subfields": [
          {
            "a": "upc"
          }
        ],
        "ind1": "1",
        "ind2": " "
      }
    },
    {
      "024": {
        "subfields": [
          {
            "a": "ismn"
          }
        ],
        "ind1": "2",
        "ind2": " "
      }
    },
    {
      "024": {
        "subfields": [
          {
            "z": "invalid ismn"
          }
        ],
        "ind1": "2",
        "ind2": " "
      }
    },
    {
      "024": {
        "subfields": [
          {
            "a": "435093457348",
            "q": "Other standard identifier"
          }
        ],
        "ind1": "8",
        "ind2": " "
      }
    },
    {
      "028": {
        "subfields": [
          {
            "a": "34234877520"
          }
        ],
        "ind1": "5",
        "ind2": "2"
      }
    },
    {
      "030": {
        "subfields": [
          {
            "a": "coden"
          }
        ],
        "ind1": " ",
        "ind2": " "
      }
    },
    {
      "035": {
        "subfields": [
          {
            "a": "2003065165"
          }
        ],
        "ind1": " ",
        "ind2": " "
      }
    },
    {
      "035": {
        "subfields": [
          {
            "a": "9780262012102"
          }
        ],
        "ind1": " ",
        "ind2": " "
      }
    },
    {
      "074": {
        "subfields": [
          {
            "a": "91584334056359",
            "z": "91584334056357"
          }
        ],
        "ind1": " ",
        "ind2": " "
      }
    },
    {
      "088": {
        "subfields": [
          {
            "a": "report number"
          }
        ],
        "ind1": " ",
        "ind2": " "
      }
    },
    {
      "100": {
        "subfields": [
          {
            "a": "Fielding, Helen"
          }
        ],
        "ind1": "1",
        "ind2": " "
      }
    },
    {
      "245": {
        "subfields": [
          {
            "a": "The Journal of ecclesiastical history"
          }
        ],
        "ind1": "0",
        "ind2": "0"
      }
    },
    {
      "264": {
        "subfields": [
          {
            "a": "Edinburgh"
          },
          {
            "b": "Birlinn"
          },
          {
            "c": "2015"
          }
        ],
        "ind1": " ",
        "ind2": "1"
      }
    },
    {
      "264": {
        "subfields": [
          {
            "a": "New York"
          },
          {
            "b": "Alfred A. Knopf"
          },
          {
            "c": "2016"
          }
        ],
        "ind1": " ",
        "ind2": "1"
      }
    },
    {
      "300": {
        "subfields": [
          {
            "a": "xx, 238 p. : ill. ; 24 cm."
          }
        ],
        "ind1": " ",
        "ind2": " "
      }
    },
    {
      "300": {
        "subfields": [
          {
            "a": "xxix, 224 Seiten Illustrationen"
          }
        ],
        "ind1": " ",
        "ind2": " "
      }
    },
    {
      "336": {
        "subfields": [
          {
            "a": "text"
          }
        ],
        "ind1": " ",
        "ind2": " "
      }
    },
    {
      "337": {
        "subfields": [
          {
            "a": "audio"
          }
        ],
        "ind1": " ",
        "ind2": " "
      }
    },
    {
      "337": {
        "subfields": [
          {
            "a": "computer"
          }
        ],
        "ind1": " ",
        "ind2": " "
      }
    },
    {
      "337": {
        "subfields": [
          {
            "a": "microform"
          }
        ],
        "ind1": " ",
        "ind2": " "
      }
    },
    {
      "338": {
        "subfields": [
          {
            "a": "audio roll"
          }
        ],
        "ind1": " ",
        "ind2": " "
      }
    },
    {
      "338": {
        "subfields": [
          {
            "a": "online resource"
          }
        ],
        "ind1": " ",
        "ind2": " "
      }
    },
    {
      "490": {
        "subfields": [
          {
            "a": "Cooperative information systems"
          }
        ],
        "ind1": "0",
        "ind2": " "
      }
    },
    {
      "490": {
        "subfields": [
          {
            "a": "The lateral history"
          }
        ],
        "ind1": "0",
        "ind2": " "
      }
    },
    {
      "653": {
        "subfields": [
          {
            "a": "Politicians"
          }
        ],
        "ind1": " ",
        "ind2": " "
      }
    },
    {
      "653": {
        "subfields": [
          {
            "a": "Politicians--Scotland--Biography"
          }
        ],
        "ind1": " ",
        "ind2": " "
      }
    },
    {
      "653": {
        "subfields": [
          {
            "a": "Politics and government"
          }
        ],
        "ind1": " ",
        "ind2": " "
      }
    },
    {
      "653": {
        "subfields": [
          {
            "a": "Scotland"
          }
        ],
        "ind1": " ",
        "ind2": " "
      }
    },
    {
      "653": {
        "subfields": [
          {
            "a": "Scotland--Politics and government--21st century"
          }
        ],
        "ind1": " ",
        "ind2": " "
      }
    },
    {
      "655": {
        "subfields": [
          {
            "a": "newspaper"
          }
        ],
        "ind1": " ",
        "ind2": "4"
      }
    },
    {
      "655": {
        "subfields": [
          {
            "a": "textbook"
          }
        ],
        "ind1": " ",
        "ind2": "4"
      }
    },
    {
      "710": {
        "subfields": [
          {
            "a": "Sterling, Roger"
          }
        ],
        "ind1": "2",
        "ind2": " "
      }
    },
    {
      "711": {
        "subfields": [
          {
            "a": "Draper, Don"
          }
        ],
        "ind1": "2",
        "ind2": " "
      }
    },
    {
      "856": {
        "subfields": [
          {
            "u": "/uri1"
          },
          {
            "y": "linkText1"
          },
          {
            "z": "publicNote1"
          },
          {
            "3": "materialsSpecification1"
          }
        ],
        "ind1": "4",
        "ind2": " "
      }
    },
    {
      "856": {
        "subfields": [
          {
            "u": "/uri2"
          },
          {
            "y": "linkText2"
          },
          {
            "z": "publicNote2"
          },
          {
            "3": "materialsSpecification2"
          }
        ],
        "ind1": "4",
        "ind2": "0"
      }
    },
    {
      "856": {
        "subfields": [
          {
            "u": "/uri3"
          },
          {
            "y": "linkText3"
          },
          {
            "z": "publicNote3"
          },
          {
            "3": "materialsSpecification3"
          }
        ],
        "ind1": "4",
        "ind2": "1"
      }
    },
    {
      "856": {
        "subfields": [
          {
            "u": "/uri4"
          },
          {
            "y": "linkText4"
          },
          {
            "z": "publicNote4"
          },
          {
            "3": "materialsSpecification4"
          }
        ],
        "ind1": "4",
        "ind2": "2"
      }
    },
    {
      "999": {
        "subfields": [
          {
            "i": "c8b50e3f-0446-429c-960e-03774b88223f"
          }
        ],
        "ind1": "f",
        "ind2": "f"
      }
    }
  ]
}
